@Manual{R-base,
  title = {R: A Language and Environment for Statistical Computing},
  author = {{R Core Team}},
  organization = {R Foundation for Statistical Computing},
  address = {Vienna, Austria},
  year = {2024},
  url = {https://www.R-project.org/},
}
@Manual{R-papaja,
  title = {{papaja}: {Prepare} reproducible {APA} journal articles with {R Markdown}},
  author = {Frederik Aust and Marius Barth},
  year = {2024},
  note = {R package version 0.1.3},
  url = {https://github.com/crsh/papaja},
  doi = {10.32614/CRAN.package.papaja},
}
@Manual{R-tinylabels,
  title = {{tinylabels}: Lightweight Variable Labels},
  author = {Marius Barth},
  year = {2023},
  note = {R package version 0.2.4},
  url = {https://cran.r-project.org/package=tinylabels},
}
@Manual{R-dplyr,
  title = {dplyr: A Grammar of Data Manipulation},
  author = {Hadley Wickham and Romain François and Lionel Henry and Kirill Müller and Davis Vaughan},
  year = {2023},
  note = {R package version 1.1.4},
  url = {https://CRAN.R-project.org/package=dplyr},
}
@Manual{R-sessioninfo,
  title = {sessioninfo: R Session Information},
  author = {Hadley Wickham and Winston Chang and Robert Flight and Kirill Müller and Jim Hester},
  year = {2021},
  note = {R package version 1.2.2},
  url = {https://CRAN.R-project.org/package=sessioninfo},
}
@Manual{R-trackdown,
  title = {trackdown: Collaborative Writing and Editing of R Markdown (or Quarto / Sweave) Documents in Google Drive},
  author = {Emily Kothe and Claudio Zandonella Callegher and Filippo Gambarota and Janosch Linkersdörfer and Mathew Ling},
  year = {2021},
  note = {R package version 1.1.1},
  url = {https://github.com/claudiozandonella/trackdown},
  doi = {10.5281/zenodo.5167319},
}
