
@book{handbook2013,
	title = {Handbook of American Indian Languages},
	editor = {Boas, Franz},
	year = {2013},
	month = {08},
	date = {2013-08-29},
	publisher = {Cambridge University Press},
	edition = {1},
	doi = {10.1017/CBO9781139626545},
	url = {https://www.cambridge.org/core/product/identifier/9781139626545/type/book},
	note = {DOI: 10.1017/CBO9781139626545}
}

@book{chomsky2002,
	title = {Syntactic Structures},
	author = {Chomsky, Noam},
	year = {2002},
	month = {11},
	date = {2002-11-19},
	publisher = {Mouton de Gruyter},
	doi = {10.1515/9783110218329},
	url = {https://www.degruyter.com/document/doi/10.1515/9783110218329/html},
	note = {DOI: 10.1515/9783110218329}
}

@book{sampson1980,
	title = {Schools of linguistics: Competition and evolution},
	author = {Sampson, Geoffrey},
	year = {1980},
	month = {01},
	date = {1980-01-01},
	publisher = {HarperCollins Publishers Ltd},
	address = {London},
	langid = {English}
}

@inbook{wilks2006,
	title = {Computational Linguistics: History},
	author = {Wilks, Y.},
	editor = {Brown, Keith},
	year = {2006},
	month = {01},
	date = {2006-01-01},
	publisher = {Elsevier},
	pages = {761--769},
	doi = {10.1016/B0-08-044854-2/00928-7},
	url = {https://www.sciencedirect.com/science/article/pii/B0080448542009287},
	note = {DOI: 10.1016/B0-08-044854-2/00928-7},
	address = {Oxford}
}

@inbook{jones1994,
	title = {Natural Language Processing: A Historical Review},
	author = {Jones, Karen Sparck},
	editor = {Zampolli, Antonio and Calzolari, Nicoletta and Palmer, Martha},
	year = {1994},
	date = {1994},
	publisher = {Springer Netherlands},
	pages = {3--16},
	doi = {10.1007/978-0-585-35958-8_1},
	url = {https://doi.org/10.1007/978-0-585-35958-8_1},
	note = {DOI: 10.1007/978-0-585-35958-8{\_}1},
	address = {Dordrecht},
	langid = {en}
}

@article{medhat2014,
	title = {Sentiment analysis algorithms and applications: A survey},
	author = {Medhat, Walaa and Hassan, Ahmed and Korashy, Hoda},
	year = {2014},
	month = {12},
	date = {2014-12},
	journal = {Ain Shams Engineering Journal},
	pages = {1093--1113},
	volume = {5},
	number = {4},
	doi = {10.1016/j.asej.2014.04.011},
	url = {https://linkinghub.elsevier.com/retrieve/pii/S2090447914000550},
	langid = {en}
}

@inproceedings{mikolov2013,
	title = {Distributed representations of words and phrases and their compositionality},
	author = {Mikolov, Tomas and Sutskever, Ilya and Chen, Kai and Corrado, Greg S and Dean, Jeff},
	year = {2013},
	date = {2013},
	pages = {3111{\textendash}3119}
}

@article{bojanowski2016,
	title = {Enriching Word Vectors with Subword Information},
	author = {Bojanowski, Piotr and Grave, Edouard and Joulin, Armand and Mikolov, Tomas},
	year = {2016},
	date = {2016},
	journal = {arXiv preprint arXiv:1607.04606}
}

@book{bird2009,
	title = {Natural Language Processing with Python: Analyzing Text with the Natural Language Toolkit},
	author = {Bird, Steven and Klein, Ewan and Loper, Edward},
	year = {2009},
	month = {06},
	date = {2009-06-12},
	publisher = {{"}O'Reilly Media, Inc.{"}},
	note = {Google-Books-ID: KGIbfiiP1i4C},
	langid = {en}
}

@inproceedings{pitler2008,
	title = {the Conference},
	author = {Pitler, Emily and Nenkova, Ani},
	year = {2008},
	date = {2008},
	publisher = {Association for Computational Linguistics},
	pages = {186},
	doi = {10.3115/1613715.1613742},
	url = {http://portal.acm.org/citation.cfm?doid=1613715.1613742},
	address = {Honolulu, Hawaii},
	langid = {en}
}

@inproceedings{clark2018,
	title = {Proceedings of the 2018 Conference of the North American Chapter of           the Association for Computational Linguistics: Human Language           Technologies, Volume 1 (Long Papers)},
	author = {Clark, Elizabeth and Ji, Yangfeng and Smith, Noah A.},
	year = {2018},
	date = {2018},
	publisher = {Association for Computational Linguistics},
	pages = {2250--2260},
	doi = {10.18653/v1/N18-1204},
	url = {http://aclweb.org/anthology/N18-1204},
	address = {New Orleans, Louisiana},
	langid = {en}
}

@inproceedings{koehn2005,
	title = {MTSummit 2005},
	author = {Koehn, Philipp},
	year = {2005},
	month = {09},
	date = {2005-09-13},
	pages = {79{\textendash}86},
	url = {https://aclanthology.org/2005.mtsummit-papers.11/},
	address = {Phuket, Thailand}
}

@article{pereira2018,
	title = {Toward a universal decoder of linguistic meaning from brain activation},
	author = {Pereira, Francisco and Lou, Bin and Pritchett, Brianna and Ritter, Samuel and Gershman, Samuel J. and Kanwisher, Nancy and Botvinick, Matthew and Fedorenko, Evelina},
	year = {2018},
	month = {03},
	date = {2018-03-06},
	journal = {Nature Communications},
	pages = {963},
	volume = {9},
	number = {1},
	doi = {10.1038/s41467-018-03068-4},
	url = {https://www.nature.com/articles/s41467-018-03068-4},
	langid = {en}
}

@article{garg2018,
	title = {Word embeddings quantify 100 years of gender and ethnic stereotypes},
	author = {Garg, Nikhil and Schiebinger, Londa and Jurafsky, Dan and Zou, James},
	year = {2018},
	month = {04},
	date = {2018-04-17},
	journal = {Proceedings of the National Academy of Sciences},
	volume = {115},
	number = {16},
	doi = {10.1073/pnas.1720347115},
	url = {https://pnas.org/doi/full/10.1073/pnas.1720347115},
	langid = {en}
}

@article{vanparidon2021,
	title = {subs2vec: Word embeddings from subtitles in 55 languages},
	author = {van Paridon, Jeroen and Thompson, Bill},
	year = {2021},
	month = {04},
	date = {2021-04-01},
	journal = {Behavior Research Methods},
	pages = {629--655},
	volume = {53},
	number = {2},
	doi = {10.3758/s13428-020-01406-3},
	url = {https://doi.org/10.3758/s13428-020-01406-3},
	langid = {en}
}

@book{johansson1998,
	title = {Corpora and Cross-linguistic Research: Theory, Method, and Case Studies},
	author = {Johansson, Stig and Oksefjell, Signe},
	year = {1998},
	date = {1998},
	publisher = {Rodopi},
	note = {Google-Books-ID: YpcAJ5djZRgC},
	langid = {en}
}

@book{ogden2013,
	title = {The Meaning of Meaning: A Study of the Influence of Language Upon Thought and of the Science of Symbolism},
	author = {Ogden, C. K. and Richards, Ivor A. and Malinowski, Bronislaw},
	year = {2013},
	month = {11},
	date = {2013-11-06},
	publisher = {Martino Fine Books},
	langid = {English}
}

@book{kucera1967,
	title = {Computational Analysis of Present Day American English},
	author = {Kucera, Henry and Francis, W. Nelson and Carroll, John B. and Twaddell, W. F.},
	year = {1967},
	month = {01},
	date = {1967-01-01},
	publisher = {Brown University Press},
	edition = {First Edition},
	address = {Providence, RI},
	langid = {English}
}

@article{gerlach2020,
	title = {A Standardized Project Gutenberg Corpus for Statistical Analysis of Natural Language and Quantitative Linguistics},
	author = {Gerlach, Martin and Font-Clos, Francesc},
	year = {2020},
	month = {01},
	date = {2020-01-20},
	journal = {Entropy},
	pages = {126},
	volume = {22},
	number = {1},
	doi = {10.3390/e22010126},
	url = {https://www.mdpi.com/1099-4300/22/1/126},
	langid = {en}
}

@article{mandera2017,
	title = {Explaining human performance in psycholinguistic tasks with models of semantic similarity based on prediction and counting: A review and empirical validation},
	author = {Mandera, {Pawe{\l}} and Keuleers, Emmanuel and Brysbaert, Marc},
	year = {2017},
	month = {02},
	date = {2017-02},
	journal = {Journal of Memory and Language},
	pages = {57--78},
	volume = {92},
	doi = {10.1016/j.jml.2016.04.001},
	url = {http://linkinghub.elsevier.com/retrieve/pii/S0749596X16300079},
	note = {ISBN: 9780874216561
PMID: 15991970}
}

@article{lison2016,
	title = {Opensubtitles2016: Extracting large parallel corpora from movie and tv subtitles},
	author = {Lison, Pierre and Tiedemann, {Jörg}},
	year = {2016},
	date = {2016},
	note = {Publisher: European Language Resources Association}
}

@article{al-rfou,
	title = {Polyglot: Distributed Word Representations for Multilingual NLP},
	author = {Al-Rfou, Rami and Perozzi, Bryan and Skiena, Steven},
	doi = {10.48550/ARXIV.1307.1662}
}

@article{mesgari2015,
	title = {{\textquotedblleft}The sum of all human knowledge{\textquotedblright}: A systematic review of scholarly research on the content of W ikipedia},
	author = {Mesgari, Mostafa and Okoli, Chitu and Mehdi, Mohamad and Nielsen, {Finn Årup} and {Lanamäki}, Arto},
	year = {2015},
	month = {02},
	date = {2015-02},
	journal = {Journal of the Association for Information Science and Technology},
	pages = {219--245},
	volume = {66},
	number = {2},
	doi = {10.1002/asi.23172},
	url = {https://asistdl.onlinelibrary.wiley.com/doi/10.1002/asi.23172},
	langid = {en}
}

@article{medelyan2009,
	title = {Mining meaning from Wikipedia},
	author = {Medelyan, Olena and Milne, David and Legg, Catherine and Witten, Ian H.},
	year = {2009},
	month = {09},
	date = {2009-09},
	journal = {International Journal of Human-Computer Studies},
	pages = {716--754},
	volume = {67},
	number = {9},
	doi = {10.1016/j.ijhcs.2009.05.004},
	url = {https://linkinghub.elsevier.com/retrieve/pii/S1071581909000561},
	langid = {en}
}

@article{brysbaert2009,
	title = {Moving beyond Ku{\v{c}}era and Francis: A critical evaluation of current word frequency norms and the introduction of a new and improved word frequency measure for American English},
	author = {Brysbaert, Marc and New, Boris},
	year = {2009},
	month = {11},
	date = {2009-11},
	journal = {Behavior Research Methods},
	pages = {977--990},
	volume = {41},
	number = {4},
	doi = {10.3758/BRM.41.4.977},
	url = {http://www.springerlink.com/index/10.3758/BRM.41.4.977},
	note = {Publisher: Springer-Verlag}
}

@inproceedings{smolenska2021,
	title = {Proceedings of the 15th International Workshop on Semantic Evaluation (SemEval-2021)},
	author = {Smolenska, Greta and Kolb, Peter and Tang, Sinan and Bitinis, Mironas and {Hernández}, {Héctor} and {Asklöv}, Elin},
	year = {2021},
	date = {2021},
	publisher = {Association for Computational Linguistics},
	pages = {632--639},
	doi = {10.18653/v1/2021.semeval-1.81},
	url = {https://aclanthology.org/2021.semeval-1.81},
	address = {Online},
	langid = {en}
}

@article{nakagawa2017,
	title = {The coefficient of determination R2 and intra-class correlation coefficient from generalized linear mixed-effects models revisited and expanded},
	author = {Nakagawa, Shinichi and Johnson, Paul C. D. and Schielzeth, Holger},
	year = {2017},
	month = {09},
	date = {2017-09-30},
	journal = {Journal of The Royal Society Interface},
	pages = {20170213},
	volume = {14},
	number = {134},
	doi = {10.1098/rsif.2017.0213},
	url = {https://royalsocietypublishing.org/doi/full/10.1098/rsif.2017.0213},
	note = {Publisher: Royal Society}
}

@article{nakamura,
	title = {Another Diversity-Promoting Objective Function for Neural Dialogue Generation},
	author = {Nakamura, Ryo and Sudoh, Katsuhito and Yoshino, Koichiro and Nakamura, Satoshi},
	doi = {10.48550/ARXIV.1811.08100}
}

@inproceedings{griffiths2015,
	title = {From Phoneme to Morpheme: A Computational Model},
	author = {Griffiths, Sascha and Purver, Matthew and Wiggins, Geraint},
	year = {2015},
	month = {11},
	date = {2015-11-04},
	publisher = {Universität Tübingen},
	doi = {10.15496/publikation-8639},
	url = {https://publikationen.uni-tuebingen.de/xmlui/handle/10900/67219},
	note = {Accepted: 2015-12-21T11:40:21Z},
	langid = {en}
}

@article{marian2017,
	title = {Orthographic and phonological neighborhood databases across multiple languages},
	author = {Marian, Viorica},
	year = {2017},
	month = {10},
	date = {2017-10-19},
	journal = {Written Language & Literacy},
	pages = {6--26},
	volume = {20},
	number = {1},
	doi = {10.1075/wll.20.1.02mar},
	url = {http://www.jbe-platform.com/content/journals/10.1075/wll.20.1.02mar},
	langid = {en}
}

@article{buchanan2019,
	title = {LAB: Linguistic Annotated Bibliography {\textendash} a searchable portal for normed database information},
	author = {Buchanan, E. M. and Valentine, K. D. and Maxwell, N. P.},
	year = {2019},
	date = {2019},
	journal = {Behavior Research Methods},
	volume = {51},
	number = {4},
	doi = {10.3758/s13428-018-1130-8}
}

@article{vanheuven2014,
	title = {Subtlex-UK: A New and Improved Word Frequency Database for British English},
	author = {van Heuven, Walter J. B. and Mandera, Pawel and Keuleers, Emmanuel and Brysbaert, Marc},
	year = {2014},
	month = {06},
	date = {2014-06},
	journal = {Quarterly Journal of Experimental Psychology},
	pages = {1176--1190},
	volume = {67},
	number = {6},
	doi = {10.1080/17470218.2013.850521},
	url = {http://journals.sagepub.com/doi/10.1080/17470218.2013.850521},
	langid = {en}
}

@article{bowden2010,
	title = {Verbal Inflectional Morphology in L1 and L2 Spanish: A Frequency Effects Study Examining Storage Versus Composition},
	author = {Bowden, Harriet Wood and Gelfand, Matthew P. and Sanz, Cristina and Ullman, Michael T.},
	year = {2010},
	month = {03},
	date = {2010-03},
	journal = {Language Learning},
	pages = {44--87},
	volume = {60},
	number = {1},
	doi = {10.1111/j.1467-9922.2009.00551.x},
	url = {https://onlinelibrary.wiley.com/doi/10.1111/j.1467-9922.2009.00551.x},
	langid = {en}
}

@article{fenk-oczlon2021,
	title = {Linguistic Complexity: Relationships Between Phoneme Inventory Size, Syllable Complexity, Word and Clause Length, and Population Size},
	author = {Fenk-Oczlon, Gertraud and Pilz, {Jürgen}},
	year = {2021},
	month = {04},
	date = {2021-04-15},
	journal = {Frontiers in Communication},
	pages = {626032},
	volume = {6},
	doi = {10.3389/fcomm.2021.626032},
	url = {https://www.frontiersin.org/articles/10.3389/fcomm.2021.626032/full}
}

@article{kunnari2002,
	title = {Word length in syllables: evidence from early word production in Finnish},
	author = {Kunnari, Sari},
	year = {2002},
	month = {06},
	date = {2002-06},
	journal = {First Language},
	pages = {119--135},
	volume = {22},
	number = {2},
	doi = {10.1177/014272370202206501},
	url = {https://journals.sagepub.com/doi/10.1177/014272370202206501},
	langid = {en}
}

@article{vitevitch2016,
	title = {Phonological Neighborhood Effects in Spoken Word Perception and Production},
	author = {Vitevitch, Michael S. and Luce, Paul A.},
	year = {2016},
	month = {01},
	date = {2016-01-14},
	journal = {Annual Review of Linguistics},
	pages = {75--94},
	volume = {2},
	number = {1},
	doi = {10.1146/annurev-linguistics-030514-124832},
	url = {https://www.annualreviews.org/doi/10.1146/annurev-linguistics-030514-124832},
	langid = {en}
}

@article{buchanan2001,
	title = {Characterizing semantic space: Neighborhood effects in word recognition},
	author = {Buchanan, Lori and Westbury, Chris and Burgess, Curt},
	year = {2001},
	month = {09},
	date = {2001-09},
	journal = {Psychonomic Bulletin & Review},
	pages = {531--544},
	volume = {8},
	number = {3},
	doi = {10.3758/BF03196189},
	url = {http://link.springer.com/10.3758/BF03196189},
	langid = {en}
}

@article{marslen-wilson2001,
	title = {Access to lexical representations: Cross-linguistic issues},
	author = {Marslen-Wilson, William D.},
	year = {2001},
	month = {10},
	date = {2001-10},
	journal = {Language and Cognitive Processes},
	pages = {699--708},
	volume = {16},
	number = {5-6},
	doi = {10.1080/01690960143000164},
	url = {http://www.tandfonline.com/doi/abs/10.1080/01690960143000164},
	langid = {en}
}

@article{marslen-wilson1987,
	title = {Functional parallelism in spoken word-recognition},
	author = {Marslen-Wilson, William D.},
	year = {1987},
	month = {03},
	date = {1987-03},
	journal = {Cognition},
	pages = {71--102},
	volume = {25},
	number = {1-2},
	doi = {10.1016/0010-0277(87)90005-9},
	url = {https://linkinghub.elsevier.com/retrieve/pii/0010027787900059},
	langid = {en}
}

@article{taler2010,
	title = {Lexical Neighborhood Density Effects on Spoken Word Recognition and Production in Healthy Aging},
	author = {Taler, V. and Aaron, G. P. and Steinmetz, L. G. and Pisoni, D. B.},
	year = {2010},
	month = {09},
	date = {2010-09-01},
	journal = {The Journals of Gerontology Series B: Psychological Sciences and Social Sciences},
	pages = {551--560},
	volume = {65B},
	number = {5},
	doi = {10.1093/geronb/gbq039},
	url = {https://academic.oup.com/psychsocgerontology/article-lookup/doi/10.1093/geronb/gbq039},
	langid = {en}
}

@book{malvern2004,
	title = {Lexical Diversity and Language Development},
	author = {Malvern, David and Richards, Brian and Chipere, Ngoni and {Durán}, Pilar},
	year = {2004},
	date = {2004},
	publisher = {Palgrave Macmillan UK},
	doi = {10.1057/9780230511804},
	url = {http://link.springer.com/10.1057/9780230511804},
	note = {DOI: 10.1057/9780230511804},
	address = {London},
	langid = {en}
}

@article{flesch1948,
	title = {A new readability yardstick.},
	author = {Flesch, Rudolph},
	year = {1948},
	date = {1948},
	journal = {Journal of Applied Psychology},
	pages = {221--233},
	volume = {32},
	number = {3},
	doi = {10.1037/h0057532},
	url = {https://doi.apa.org/doi/10.1037/h0057532},
	langid = {en}
}

@article{kuperman2012,
	title = {Age-of-acquisition ratings for 30,000 English words},
	author = {Kuperman, Victor and Stadthagen-Gonzalez, Hans and Brysbaert, Marc},
	year = {2012},
	month = {12},
	date = {2012-12},
	journal = {Behavior Research Methods},
	pages = {978--990},
	volume = {44},
	number = {4},
	doi = {10.3758/s13428-012-0210-4},
	url = {http://link.springer.com/10.3758/s13428-012-0210-4},
	langid = {en}
}

@article{brysbaert2006,
	title = {The effect of age of acquisition: Partly frequency related, partly frequency independent},
	author = {Brysbaert, Marc and Ghyselinck, Mandy},
	year = {2006},
	month = {05},
	date = {2006-05},
	journal = {Visual Cognition},
	pages = {992--1011},
	volume = {13},
	number = {7-8},
	doi = {10.1080/13506280544000165},
	url = {http://www.tandfonline.com/doi/abs/10.1080/13506280544000165},
	langid = {en}
}

@article{ray2007,
	title = {Investigating Long-Term Semantic Priming of Middle- and Low-Familiarity Category Exemplars},
	author = {Ray, Suchismita and Bly, Benjamin Martin},
	year = {2007},
	month = {10},
	date = {2007-10},
	journal = {The Journal of General Psychology},
	pages = {453--466},
	volume = {134},
	number = {4},
	doi = {10.3200/GENP.134.4.453-466},
	url = {http://www.tandfonline.com/doi/abs/10.3200/GENP.134.4.453-466},
	langid = {en}
}

@article{boukadi2016,
	title = {Norms for name agreement, familiarity, subjective frequency, and imageability for 348 object names in Tunisian Arabic},
	author = {Boukadi, Mariem and Zouaidi, Cirine and Wilson, Maximiliano A.},
	year = {2016},
	month = {06},
	date = {2016-06},
	journal = {Behavior Research Methods},
	pages = {585--599},
	volume = {48},
	number = {2},
	doi = {10.3758/s13428-015-0602-3},
	url = {http://link.springer.com/10.3758/s13428-015-0602-3},
	langid = {en}
}

@inbook{schwanenflugel1991,
	title = {Chapter 2 Contextual Constraint and Lexical Processing},
	author = {Schwanenflugel, Paula J.},
	year = {1991},
	date = {1991},
	publisher = {Elsevier},
	pages = {23--45},
	volume = {77},
	doi = {10.1016/S0166-4115(08)61528-9},
	url = {https://linkinghub.elsevier.com/retrieve/pii/S0166411508615289},
	note = {DOI: 10.1016/S0166-4115(08)61528-9},
	langid = {en}
}

@article{barber2013,
	title = {Concreteness in word processing: ERP and behavioral effects in a lexical decision task},
	author = {Barber, Horacio A. and Otten, Leun J. and Kousta, Stavroula-Thaleia and Vigliocco, Gabriella},
	year = {2013},
	month = {04},
	date = {2013-04},
	journal = {Brain and Language},
	pages = {47--53},
	volume = {125},
	number = {1},
	doi = {10.1016/j.bandl.2013.01.005},
	url = {https://linkinghub.elsevier.com/retrieve/pii/S0093934X13000217},
	langid = {en}
}

@article{fazio1986,
	title = {On the automatic activation of attitudes},
	author = {Fazio, Russell H. and Sanbonmatsu, David M. and Powell, Martha C. and Kardes, Frank R.},
	year = {1986},
	date = {1986},
	journal = {Journal of Personality and Social Psychology},
	pages = {229--238},
	volume = {50},
	number = {2},
	doi = {10.1037/0022-3514.50.2.229},
	url = {https://doi.apa.org/doi/10.1037/0022-3514.50.2.229},
	langid = {en}
}

@article{warriner2013,
	title = {Norms of valence, arousal, and dominance for 13,915 English lemmas},
	author = {Warriner, Amy Beth and Kuperman, Victor and Brysbaert, Marc},
	year = {2013},
	month = {12},
	date = {2013-12},
	journal = {Behavior Research Methods},
	pages = {1191--1207},
	volume = {45},
	number = {4},
	doi = {10.3758/s13428-012-0314-x},
	url = {http://link.springer.com/10.3758/s13428-012-0314-x},
	langid = {en}
}

@article{wilson1988,
	title = {MRC psycholinguistic database: Machine-usable dictionary, version 2.00},
	author = {Wilson, Michael},
	year = {1988},
	month = {01},
	date = {1988-01},
	journal = {Behavior Research Methods, Instruments, & Computers},
	pages = {6--10},
	volume = {20},
	number = {1},
	doi = {10.3758/BF03202594},
	url = {http://link.springer.com/10.3758/BF03202594},
	langid = {en}
}

@article{tausczik2010,
	title = {The Psychological Meaning of Words: LIWC and Computerized Text Analysis Methods},
	author = {Tausczik, Yla R. and Pennebaker, James W.},
	year = {2010},
	month = {03},
	date = {2010-03},
	journal = {Journal of Language and Social Psychology},
	pages = {24{\textendash}54},
	volume = {29},
	number = {1},
	doi = {10.1177/0261927X09351676},
	url = {http://journals.sagepub.com/doi/10.1177/0261927X09351676},
	note = {ISBN: 0261-927X}
}

@article{landauer1997,
	title = {A solution to Plato's problem: The latent semantic analysis theory of acquisition, induction, and representation of knowledge.},
	author = {Landauer, Thomas K. and Dumais, Susan T.},
	year = {1997},
	date = {1997},
	journal = {Psychological Review},
	pages = {211--240},
	volume = {104},
	number = {2},
	doi = {10.1037/0033-295X.104.2.211},
	url = {http://doi.apa.org/getdoi.cfm?doi=10.1037/0033-295X.104.2.211},
	langid = {en}
}

@inproceedings{schütze1992,
	title = {Word Space},
	author = {{Schütze}, Hinrich},
	year = {1992},
	date = {1992},
	publisher = {Morgan-Kaufmann},
	volume = {5},
	url = {https://proceedings.neurips.cc/paper/1992/hash/d86ea612dec96096c5e0fcc8dd42ab6d-Abstract.html}
}

@article{sahlgren2006,
	title = {The Word-Space Model : Using distributional analysis to represent syntagmatic and paradigmatic relations between words in high-dimensional vector spaces},
	author = {Sahlgren, Magnus},
	year = {2006},
	date = {2006},
	url = {https://urn.kb.se/resolve?urn=urn:nbn:se:su:diva-1037},
	note = {Publisher: Institutionen för lingvistik},
	langid = {eng}
}

@book{rehurek2010,
	title = {Software Framework for Topic Modelling with Large Corpora},
	author = {{{\v{R}}eh{\r{u}}{\v{r}}ek}, Radim and Sojka, Petr},
	year = {2010},
	month = {05},
	date = {2010-05-22},
	publisher = {University of Malta},
	url = {https://repozitar.cz/publication/15725/cs/Software-Framework-for-Topic-Modelling-with-Large-Corpora/Rehurek-Sojka},
	langid = {eng}
}

@article{kaveh-yazdy,
	title = {Measuring Economic Policy Uncertainty Using an Unsupervised Word Embedding-based Method},
	author = {Kaveh-Yazdy, Fatemeh and Zarifzadeh, Sajjad},
	doi = {10.48550/arXiv.2105.04631}
}

@article{adelman2006,
	title = {Contextual Diversity, Not Word Frequency, Determines Word-Naming and Lexical Decision Times},
	author = {Adelman, James S. and Brown, Gordon D.A. and Quesada, {José F.}},
	year = {2006},
	month = {09},
	date = {2006-09},
	journal = {Psychological Science},
	pages = {814--823},
	volume = {17},
	number = {9},
	doi = {10.1111/j.1467-9280.2006.01787.x},
	url = {https://journals.sagepub.com/doi/10.1111/j.1467-9280.2006.01787.x},
	langid = {en}
}

@article{alario1999,
	title = {A set of 400 pictures standardized for French: Norms for name agreement, image agreement, familiarity, visual complexity, image variability, and age of acquisition},
	author = {Alario, F.-Xavier and Ferrand, Ludovic},
	year = {1999},
	month = {09},
	date = {1999-09-01},
	journal = {Behavior Research Methods, Instruments, & Computers},
	pages = {531--552},
	volume = {31},
	number = {3},
	doi = {10.3758/BF03200732},
	url = {https://doi.org/10.3758/BF03200732},
	langid = {en}
}

@article{yeh2020,
	title = {Word Vector Models Approach to Text Regression of Financial Risk Prediction},
	author = {Yeh, Hsiang-Yuan and Yeh, Yu-Ching and Shen, Da-Bai},
	year = {2020},
	month = {01},
	date = {2020-01},
	journal = {Symmetry},
	pages = {89},
	volume = {12},
	number = {1},
	doi = {10.3390/sym12010089},
	url = {https://www.mdpi.com/2073-8994/12/1/89},
	note = {Publisher: Multidisciplinary Digital Publishing Institute},
	langid = {en}
}

@book{chang2021,
	title = {shiny: Web Application Framework for R},
	author = {Chang, Winston and Cheng, Joe and Allaire, J. J. and Sievert, Carson and Schloerke, Barret and Xie, Yihui and Allen, Jeff and McPherson, Jonathan and Dipert, Alan and Borges, Barbara and RStudio,  and {library)}, {jQuery Foundation (jQuery library and jQuery UI} and {inst/www/shared/jquery-AUTHORS.txt)}, {jQuery contributors (jQuery library; authors listed in} and {inst/www/shared/jqueryui/AUTHORS.txt)}, {jQuery UI contributors (jQuery UI library; authors listed in} and {library)}, {Mark Otto (Bootstrap} and {library)}, {Jacob Thornton (Bootstrap} and {library)}, {Bootstrap contributors (Bootstrap} and Twitter,  and {library)}, {Inc (Bootstrap} and {plugin)}, {Prem Nawaz Khan (Bootstrap accessibility} and {plugin)}, {Victor Tsaran (Bootstrap accessibility} and {plugin)}, {Dennis Lembree (Bootstrap accessibility} and {plugin)}, {Srinivasu Chakravarthula (Bootstrap accessibility} and {plugin)}, {Cathy O'Connor (Bootstrap accessibility} and PayPal,  and {plugin)}, {Inc (Bootstrap accessibility} and {library)}, {Stefan Petre (Bootstrap-datepicker} and {library)}, {Andrew Rowls (Bootstrap-datepicker} and {library)}, {Brian Reavis (selectize js} and {library)}, {Salmen Bejaoui (selectize-plugin-a11y} and {library)}, {Denis Ineshin (ion rangeSlider} and {library)}, {Sami Samhuri (Javascript strftime} and {library)}, {SpryMedia Limited (DataTables} and {library)}, {John Fraser (showdown js} and {library)}, {John Gruber (showdown js} and {library)}, {Ivan Sagalaev (highlight js} and {R)}, {R. Core Team (tar implementation from}},
	year = {2021},
	month = {10},
	date = {2021-10-02},
	url = {https://CRAN.R-project.org/package=shiny}
}

@article{blodgett,
	title = {Demographic Dialectal Variation in Social Media: A Case Study of African-American English},
	author = {Blodgett, Su Lin and Green, Lisa and {O'Connor}, Brendan},
	doi = {10.48550/arXiv.1608.08868}
}

@article{joshi2025,
	title = {Natural Language Processing for Dialects of a Language: A Survey},
	author = {Joshi, Aditya and Dabre, Raj and Kanojia, Diptesh and Li, Zhuang and Zhan, Haolan and Haffari, Gholamreza and Dippold, Doris},
	year = {2025},
	month = {02},
	date = {2025-02-10},
	journal = {ACM Comput. Surv.},
	pages = {149:1{\textendash}149:37},
	volume = {57},
	number = {6},
	doi = {10.1145/3712060},
	url = {https://dl.acm.org/doi/10.1145/3712060}
}

@article{brysbaert2011,
	title = {The Word Frequency Effect: A Review of Recent Developments and Implications for the Choice of Frequency Estimates in German},
	author = {Brysbaert, Marc and Buchmeier, Matthias and Conrad, Markus and Jacobs, Arthur M. and {Bölte}, Jens and {Böhl}, Andrea},
	year = {2011},
	month = {07},
	date = {2011-07-01},
	journal = {Experimental Psychology},
	pages = {412--424},
	volume = {58},
	number = {5},
	doi = {10.1027/1618-3169/a000123},
	url = {https://econtent.hogrefe.com/doi/10.1027/1618-3169/a000123},
	langid = {en}
}

@article{cotterell,
	title = {The CoNLL--SIGMORPHON 2018 Shared Task: Universal Morphological Reinflection},
	author = {Cotterell, Ryan and Kirov, Christo and Sylak-Glassman, John and Walther, {Géraldine} and Vylomova, Ekaterina and McCarthy, Arya D. and Kann, Katharina and Mielke, Sabrina J. and Nicolai, Garrett and Silfverberg, Miikka and Yarowsky, David and Eisner, Jason and Hulden, Mans},
	doi = {10.48550/arXiv.1810.07125}
}

@incollection{wals-81,
  author    = {Matthew S. Dryer},
  booktitle = {The World Atlas of Language Structures Online},
  editor    = {Matthew S. Dryer and Martin Haspelmath},
  publisher = {Zenodo},
  title     = {Order of Subject, Object and Verb (v2020.4)},
  type      = {Data set},
  url       = {https://doi.org/10.5281/zenodo.13950591},
  year      = {2013},
  doi       = {10.5281/zenodo.13950591}
}
@article{fellbaum1998,
	title = {A Semantic Network of English: The Mother of All WordNets},
	author = {Fellbaum, Christiane},
	year = {1998},
	month = {03},
	date = {1998-03-01},
	journal = {Computers and the Humanities},
	pages = {209--220},
	volume = {32},
	number = {2},
	doi = {10.1023/A:1001181927857},
	url = {https://doi.org/10.1023/A:1001181927857},
	langid = {en}
}

@article{hoffman2013,
	title = {Semantic diversity: A measure of semantic ambiguity based on variability in the contextual usage of words},
	author = {Hoffman, Paul and Lambon Ralph, Matthew A. and Rogers, Timothy T.},
	year = {2013},
	month = {09},
	date = {2013-09-01},
	journal = {Behavior Research Methods},
	pages = {718--730},
	volume = {45},
	number = {3},
	doi = {10.3758/s13428-012-0278-x},
	url = {https://doi.org/10.3758/s13428-012-0278-x},
	langid = {en}
}

@article{jones2007,
	title = {Representing word meaning and order information in a composite holographic lexicon},
	author = {Jones, Michael N. and Mewhort, Douglas J. K.},
	year = {2007},
	date = {2007},
	journal = {Psychological Review},
	pages = {1--37},
	volume = {114},
	number = {1},
	doi = {10.1037/0033-295X.114.1.1},
	note = {Place: US
Publisher: American Psychological Association}
}

@article{jones2012,
	title = {The role of semantic diversity in lexical organization.},
	author = {Jones, Michael N. and Johns, Brendan T. and Recchia, Gabriel},
	year = {2012},
	month = {06},
	date = {2012-06},
	journal = {Canadian Journal of Experimental Psychology / Revue canadienne de psychologie expérimentale},
	pages = {115--124},
	volume = {66},
	number = {2},
	doi = {10.1037/a0026727},
	url = {http://dx.doi.org/10.1037/a0026727},
	langid = {en}
}

@misc{manylang,
	title = {ManyLanguages},
	url = {https://many-languages.com/}
}

@article{nekoto,
	title = {Participatory Research for Low-resourced Machine Translation: A Case Study in African Languages},
	author = {Nekoto, Wilhelmina and Marivate, Vukosi and Matsila, Tshinondiwa and Fasubaa, Timi and Kolawole, Tajudeen and Fagbohungbe, Taiwo and Akinola, Solomon Oluwole and Muhammad, Shamsuddeen Hassan and Kabongo, Salomon and Osei, Salomey and Freshia, Sackey and Niyongabo, Rubungo Andre and Macharm, Ricky and Ogayo, Perez and Ahia, Orevaoghene and Meressa, Musie and Adeyemi, Mofe and Mokgesi-Selinga, Masabata and Okegbemi, Lawrence and Martinus, Laura Jane and Tajudeen, Kolawole and Degila, Kevin and Ogueji, Kelechi and Siminyu, Kathleen and Kreutzer, Julia and Webster, Jason and Ali, Jamiil Toure and Abbott, Jade and Orife, Iroro and Ezeani, Ignatius and Dangana, Idris Abdulkabir and Kamper, Herman and Elsahar, Hady and Duru, Goodness and Kioko, Ghollah and Murhabazi, Espoir and Biljon, Elan van and Whitenack, Daniel and Onyefuluchi, Christopher and Emezue, Chris and Dossou, Bonaventure and Sibanda, Blessing and Bassey, Blessing Itoro and Olabiyi, Ayodele and Ramkilowan, Arshath and {Öktem}, Alp and Akinfaderin, Adewale and Bashir, Abdallah},
	doi = {10.48550/arXiv.2010.02353}
}

@article{mann2020,
	title = {AI4D: Artificial Intelligence for Development},
	author = {Mann, Supreet and Hilbert, Martin},
	year = {2020},
	date = {2020},
	url = {https://escholarship.org/uc/item/2qv3h863},
	langid = {en}
}

@article{ethayarajh,
	title = {How Contextual are Contextualized Word Representations? Comparing the Geometry of BERT, ELMo, and GPT-2 Embeddings},
	author = {Ethayarajh, Kawin},
	doi = {10.48550/arXiv.1909.00512}
}

@article{vania,
	title = {From Characters to Words to in Between: Do We Capture Morphology?},
	author = {Vania, Clara and Lopez, Adam},
	doi = {10.48550/arXiv.1704.08352}
}

@inproceedings{wang2020,
	title = {A Comparative Study on Word Embeddings in Deep Learning for Text Classification},
	author = {Wang, Congcong and Nulty, Paul and Lillis, David},
	year = {2020},
	month = {12},
	date = {2020-12-18},
	pages = {37--46},
	doi = {10.1145/3443279.3443304}
}
